2408 4034
368 155 537 205 ANCIENT
563 157 730 206 SOURCES

280 383 312 446 Τ
307 383 347 446 lte
370 382 565 464 Inscn'ption
587 393 626 445 at
648 383 821 464 Aquinum

409 538 555 620 [Cere]ri
571 558 694 598 sacrum

366 641 422 720 [D.
441 639 569 719 Iu]nius
585 640 745 700 Iuvenalis

307 739 413 820 [trib]
431 741 491 798 coh
509 739 561 820 [I]
579 740 796 800 Delmatarum

381 841 415 898 II
432 841 479 898 vir
494 841 601 916 quinq.
619 841 732 900 flamen

418 940 484 998 divi
499 940 688 1016 Vespasiani

364 1040 450 1099 vovit
471 1040 730 1120 dedicav[itq]ue

488 1158 543 1198 sua
561 1159 625 1216 pec.

259 1377 450 1458 References
475 1373 511 1436 in
535 1373 677 1462 Ancr'errt
702 1375 837 1443 Writers

74 1536 239 1605 Manum,
257 1535 331 1590 VII.
351 1552 401 1604 ²4·
419 1534 475 1591 1-6
492 1540 571 1610 (nn.
588 1532 652 1612 92).

116 1669 196 1727 Cum
212 1666 360 1725 Iuvenale
377 1684 446 1724 meo
461 1684 541 1741 quae
556 1684 604 1724 me
621 1666 816 1726 committere
832 1675 979 1743 temptas,

157 1766 233 1843 quid
249 1784 312 1824 non
329 1765 468 1835 audebis,
483 1764 602 1840 perfida
617 1764 732 1842 lingua,
749 1765 857 1842 loqui?

115 1877 146 1927 te
162 1868 299 1945 fingente
315 1867 403 1924 nefas
421 1864 559 1943 Pyladen
575 1865 695 1925 odisset
710 1867 857 1937 Orestes,-

157 1969 279 2026 Thesea
297 1967 431 2025 Pirithoi
445 1965 640 2025 destituisset
657 1985 751 2038 amor,

115 2077 151 2128 tu
166 2068 286 2127 Siculos
300 2070 414 2127 fratres
428 2077 460 2126 et
476 2066 576 2126 maius
591 2085 705 2126 nomen
721 2066 851 2125 Atridas

157 2178 188 2227 et
202 2168 309 2233 Ledae
325 2177 451 2244 poteras
466 2166 638 2225 dissociare
653 2185 760 2244 genus.

115 2319 190 2377 VII.
203 2339 252 2396 91.
269 2339 334 2376 1-2.

242 2453 289 2510 De
305 2460 421 2522 nostre,
439 2451 584 2522 facunde,
601 2450 668 2521 tibi,
687 2449 854 2526 Iuvenalis,
872 2449 973 2528 agello

282 2549 507 2609 Saturnalicias
524 2550 676 2608 mittimus
691 2547 764 2608 ecc'e
780 2561 887 2608 nuces·

115 2702 190 2759 XII.
211 2702 330 2778 18.1-9
348 2699 423 2779 (Am.
444 2700 526 2780 101).

241 2824 324 2890 Dum
339 2843 373 2892 tu
388 2832 521 2890 forsitan
539 2832 697 2908 inquietus
713 2851 797 2891 erras

240 2932 385 3003 clamosa,
404 2931 572 3003 iuvenalis,
590 2932 622 2989 in
639 2931 760 2990 Subura

240 3040 293 3090 aut
309 3032 420 3090 collem
439 3031 586 3090 dominae
602 3031 677 3090 teris
694 3031 825 3103 Dianae,

239 3132 312 3190 dum
328 3152 383 3208 per
397 3132 507 3190 limina
523 3142 555 3191 te
571 3130 784 3207 potentiorum

239 3233 380 3292 sudatrix
395 3243 471 3310 toga
487 3232 618 3292 ventilat
635 3250 808 3308 vagumque

239 3333 338 3391 maior
354 3334 479 3393 Caelius
494 3332 528 3393 et¹
541 3334 643 3391 minor
657 3332 803 3409 fatigant,

239 3451 287 3490 me
303 3433 418 3493 multos
434 3434 568 3509 repetita
584 3442 655 3508 post
672 3433 854 3492 decembres

240 3534 363 3608 accepit
379 3552 448 3591 mea
464 3533 675 3609 rusticumque
690 3534 765 3592 fecit

239 3651 315 3691 auro
332 3632 454 3691 Bilbilis
470 3641 501 3691 et
517 3633 651 3708 superba
666 3634 757 3693 ferro.

1035 148 1080 207 xli
