2408 4034
460 161 605 210 SATVRA
631 162 697 210 XIV

57 329 137 391 illud
156 350 222 391 non
239 329 354 412 agitas,
374 339 410 392 ut
428 339 577 393 sanctam
596 330 682 393 filius
699 331 790 393 omni

56 438 196 519 aspiciat
215 439 287 500 sine
304 438 378 501 labe
395 440 528 501 domum
547 438 695 520 vitioque
713 440 902 502 carentem?

57 557 189 627 gratum
208 556 259 608 est
277 547 364 628 quod
382 547 508 628 patriae
526 547 631 610 civem
649 546 840 628 populoque
857 547 988 622 dedisti,
1071 575 1102 623 70

58 655 87 716 si
103 653 186 717 facis
205 664 240 717 ut
256 655 384 735 patriae
402 655 444 717 sit
463 655 612 731 idoneus,
632 654 725 718 utilis
742 656 840 737 agris,

57 762 149 824 utilis
169 771 201 824 et
219 762 380 825 bellorum
398 772 431 824 et
448 763 540 844 pacis
557 764 658 826 rebus
677 765 825 846 agendis.

57 870 236 951 plurimum
251 871 339 933 enim
354 870 505 934 intererit
517 872 637 953 quibus
649 873 776 935 artibus
788 882 821 934 et
833 873 954 954 quibus
965 873 1053 935 hunc
1065 882 1102 935 tu

57 979 206 1041 moribus
224 979 388 1042 instituas.
438 989 594 1060 serpente
611 980 739 1043 ciconia
755 981 863 1062 pullos

58 1088 164 1149 nutrit
183 1096 215 1148 et
235 1087 370 1150 inventa
386 1108 446 1168 per
462 1088 556 1150 devia
573 1109 649 1151 rura
665 1088 809 1151 lacerta:
1071 1115 1101 1166 75

59 1196 105 1257 illi
123 1196 238 1257 eadem
257 1197 397 1275 sumptis
415 1205 578 1278 quaerunt
595 1196 751 1260 animalia
766 1196 887 1278 pinnis.

58 1304 170 1366 vultur
187 1303 335 1366 iumento
354 1313 386 1365 et
404 1305 543 1367 canibus
560 1304 779 1387 crucibusque
797 1305 920 1368 relictis

58 1413 99 1474 ad
117 1412 207 1474 fetus
225 1421 379 1493 properat
397 1423 592 1495 partemque
610 1414 779 1476 cadaveris
798 1414 927 1476 adfert:

59 1521 114 1584 hic
132 1531 182 1583 est
201 1541 279 1603 ergo
297 1521 391 1583 cibus
409 1520 521 1603 magni
538 1542 669 1604 quoque
685 1522 827 1584 vulturis
845 1533 877 1584 et
895 1542 932 1584 se

58 1629 237 1710 pascentis,
256 1629 389 1710 propria
406 1650 480 1692 cum
499 1629 563 1691 iam
580 1629 661 1692 facit
678 1631 796 1692 arbore
814 1630 920 1693 nidos.
1070 1645 1103 1694 80

60 1739 119 1800 sed
137 1737 282 1818 leporem
302 1746 359 1800 aut
377 1758 527 1818 capream
544 1737 689 1801 famulae
708 1739 794 1800 Iovis
813 1749 846 1800 et
863 1757 1046 1819 generosae

60 1846 92 1908 in
113 1846 199 1908 saltu
216 1854 380 1908 venantur
396 1866 483 1921 aves,
505 1846 583 1909 hinc
600 1847 722 1927 praeda
739 1846 841 1909 cubili

58 1954 215 2035 ponitur:
240 1953 316 2015 inde
333 1963 445 2016 autem
463 1974 537 2017 cum
556 1974 591 2017 se
608 1963 738 2017 matura
754 1953 870 2016 levarit

59 2061 248 2144 progenies,
269 2061 463 2124 stimulante
478 2062 566 2125 fame
584 2063 722 2125 festinat
740 2063 780 2124 ad
799 2062 886 2125 illam

61 2191 159 2252 quam
176 2169 316 2249 primum
335 2171 491 2250 praedam
510 2180 607 2252 rupto
624 2181 817 2252 gustaverat
835 2192 906 2234 ovo.
1071 2186 1104 2251 85

107 2278 315 2340 Aedificator
331 2287 401 2340 erat
421 2278 599 2341 Cretonius
618 2289 650 2341 et
669 2279 767 2340 modo
786 2299 886 2341 curvo

94 2468 133 2528 67.
153 2468 258 2526 scobis,
268 2470 386 2524 snwdust,
394 2469 475 2517 which
487 2479 556 2518 costs

60 2535 185 2598 nothing3
203 2534 236 2582 cf.
252 2535 316 2582 Hor.
329 2536 356 2583 S.
371 2535 406 2582 11.
420 2551 442 2595 4.
455 2536 484 2584 81
501 2539 557 2584 oili-

60 2603 105 2649 bus
123 2605 151 2648 in
169 2603 255 2663 scopis,
272 2603 301 2648 in
320 2604 427 2663 mappis,
445 2604 474 2648 in
492 2603 557 2650 scobe

60 2676 173 2732 quantus
182 2669 293 2716 consistit
300 2675 417 2729 sumptus
426 2669 438 2716 ‚7
446 2696 478 2705 ——
485 2671 556 2717 haec

61 2735 206 2791 emendat,
221 2750 329 2781 removes
341 2735 392 2781 this
404 2736 516 2783 blemislz.

95 2802 134 2850 68.
153 2801 222 2850 illud
246 2815 303 2848 non
329 2801 433 2863 agitas,
458 2804 488 2848 do
505 2818 556 2863 yon

63 2873 122 2930 ¹give
139 2885 171 2915 no
189 2868 295 2929 thought
310 2873 333 2914 to
351 2869 402 2914 teis
411 2869 423 2915 ?
432 2896 465 2903 —
474 2882 557 2915 sanc-

60 2946 130 2995 tam,
135 2934 335 2998 prere-omni
349 2934 426 2982 sine:
443 2935 468 2981 in
482 2936 558 2982 collo-

60 3005 131 3068 quial
143 3004 272 3066 language
284 3001 326 3049 for
335 3003 389 3048 siin
401 3003 465 3058 ulla,
474 3001 556 3050 found

60 3071 134 3120 often
147 3071 173 3118 iu
188 3071 295 3118 Plautus
307 3069 357 3117 and
371 3068 494 3117 Terence.

95 3152 133 3200 70.
159 3146 274 3202 gratum
299 3144 362 3185 est:
386 3136 405 3184 it
429 3136 451 3184 is
476 3151 558 3183 some-

60 3206 136 3269 thing
148 3206 249 3269 worthy
261 3204 291 3252 ot
301 3203 486 3267 appreciation.

95 3286 134 3333 71.
157 3273 266 3336 patriae
289 3272 430 3321 idoneus:
459 3271 557 3332 patrio,

59 3339 145 3387 found
162 3340 224 3404 only
236 3340 261 3386 in
275 3341 305 3396 P,
318 3354 377 3402 may
394 3338 427 3387 be
445 3344 557 3391 correct;

60 3407 93 3454 cf.
110 3409 184 3454 Auct.
202 3407 239 3453 nd
248 3407 311 3454 Her.
326 3405 378 3452 lll.
393 3418 406 3469 5
419 3421 458 3453 res
476 3405 558 3452 nurni-

59 3476 94 3521 lis
106 3480 262 3520 contemnere
274 3479 383 3534 oportere
400 3488 443 3518 nec
457 3472 559 3518 idoneas

60 3540 183 3597 differitate
206 3555 252 3585 sno
276 3539 392 3584 dedicore.
441 3538 491 3584 Bur
516 3538 559 3585 the

60 3604 174 3653 ablative
181 3603 242 3652 with
252 3605 355 3651 idoneus
363 3603 385 3652 is
395 3603 559 3668 exceedingly

59 3687 123 3720 rare.

641 2484 680 2530 7²·
700 2472 785 2518 rebus
799 2471 936 2532 agendis:
957 2470 1019 2517 Intr.
1033 2484 1072 2533 31.

641 2549 680 2596 74.
700 2537 845 2593 instituas,
859 2539 939 2585 train.

641 2615 681 2666 75.
700 2603 792 2660 devia,
806 2604 997 2666 nnsreqoented.

641 2683 680 2730 77.
700 2669 830 2717 iumento
850 2704 856 2717 .
878 2704 884 2716 .
904 2704 910 2716 .
927 2669 1048 2717 relictis:
1066 2671 1103 2718 in.

608 2736 686 2801 flying
702 2736 770 2783 from
790 2736 834 2784 the
858 2750 989 2784 carcasses
1008 2735 1036 2782 of
1054 2737 1105 2783 ani-

608 2803 683 2860 mals,
696 2802 748 2850 and
765 2803 794 2849 of
811 2803 896 2851 slaves
913 2818 947 2850 on
965 2804 1008 2850 the
1025 2818 1104 2860 cross,

608 2877 635 2917 to
654 2869 687 2916 its
705 2879 771 2918 nest.

641 2935 680 2995 78.
700 2937 785 2994 fetus,
799 2939 832 2986 its
840 2954 935 3000 young.

642 3016 680 3066 79.
701 3004 808 3066 magni,
814 3005 980 3067 full-grown.

640 3069 680 3118 81.
700 3070 825 3118 famulae
849 3072 935 3130 lovis,
953 3074 995 3121 tlte
1012 3074 1106 3122 attend-

607 3143 666 3184 ants
683 3139 713 3200 os
720 3139 790 3197 Jove,
809 3138 853 3185 the
869 3139 955 3200 eagles
965 3158 971 3198 ;
990 3140 1022 3187 cf.
1040 3141 1104 3189 llor.

611 3205 636 3252 C.
664 3203 710 3250 lV.
735 3218 757 3262 4.
780 3217 789 3250 1
812 3207 962 3254 ministrum
976 3208 1106 3270 sulnn'nis

607 3272 701 3318 alitem.

642 3336 681 3384 82.
700 3338 782 3385 hinc:
795 3339 832 3386 ie.
843 3338 910 3386 from
924 3340 968 3387 the
980 3340 1041 3388 hare
1051 3342 1103 3389 and

609 3419 660 3452 roe.
670 3433 700 3439 -
712 3405 797 3453 cubili
813 3425 836 3447 =
847 3409 876 3453 in
890 3407 955 3454 nido.

642 3471 681 3534 83.
701 3472 782 3519 inde:
800 3480 846 3519 out
859 3473 888 3519 of
899 3473 943 3522 the
955 3482 1021 3522 nest.

642 3537 731 3601 86-95.
752 3538 891 3588 Cretonius
904 3541 955 3589 had
968 3557 983 3589 a
998 3541 1103 3603 passion

609 3603 651 3651 for
662 3604 785 3668 building,
799 3606 850 3654 and
862 3615 937 3668 spent
950 3608 974 3655 in
988 3609 1039 3657 this
1049 3624 1105 3673 way

610 3685 626 3718 a
643 3671 712 3734 good
730 3680 788 3734 part
806 3672 834 3719 of
851 3673 891 3721 his
908 3683 1043 3740 property;
1063 3675 1104 3724 his
