2408 4034
459 155 605 209 SATVRA
629 155 697 205 XIV

57 344 123 405 qua
138 333 233 404 pater
249 323 421 399 abstinuit,
442 344 518 386 mox
535 333 568 386 et
584 322 759 405 praeputia
775 334 925 405 ponunt;

59 433 228 514 Romanas
245 442 357 495 autem
374 431 464 494 soliti
481 441 697 495 contemnere
714 431 806 514 leges

58 539 230 603 Iudaicum
249 540 403 603 ediscunt
421 549 454 602 et
472 549 605 602 servant
622 561 661 603 ac
678 549 832 603 metuunt
851 540 902 603 ius

57 647 194 710 tradidit
211 668 331 711 arcano
348 649 579 730 quodcumque
596 647 764 711 volumine
783 648 929 732 MoyseS,

58 776 125 818 non
144 765 330 819 monstrare
346 756 415 819 vias
432 756 548 818 eadem
567 755 632 819 nisi
650 776 743 819 sacra
760 755 891 831 colenti,

58 864 245 945 quaesitum
262 864 303 927 ad
319 863 448 927 fontem
467 863 555 926 solos
573 864 737 927 deducere
753 884 881 945 verpus

58 971 117 1033 sed
134 981 229 1052 pater
246 971 280 1034 in
298 992 407 1046 causa,
423 970 476 1034 eui
493 970 635 1052 septima
651 992 801 1053 quaeque
819 971 882 1034 fuit
898 971 955 1034 lux

1054 998 1101 1052 105

58 1079 178 1161 ignava
195 1089 228 1142 et
244 1090 373 1161 partem
391 1079 479 1142 vitae
496 1099 563 1142 non
580 1079 694 1161 attigit
712 1079 822 1144 ullam.

107 1186 235 1268 Sponte
251 1197 363 1250 tamen
383 1187 520 1249 iuvenes
537 1187 712 1249 imitantur
729 1196 848 1263 cetera,
869 1187 972 1251 solam

59 1295 155 1356 inviti
173 1316 304 1377 quoque
321 1294 664 1358 avaritiam-exercere
683 1277 849 1359 iubentirr.

57 1402 144 1465 fallit
162 1403 249 1465 enim
269 1403 387 1465 vitium
406 1402 517 1485 specie
533 1402 667 1465 virtutis
685 1414 718 1465 et
736 1404 862 1479 umbra,

58 1532 135 1574 cum
153 1511 196 1573 sit
213 1511 309 1574 triste
327 1511 442 1574 habitu
459 1510 620 1593 vultuque
638 1521 671 1572 et
688 1521 782 1574 veste
800 1532 963 1587 severum,

58 1640 121 1682 nec
139 1619 240 1682 dubie
257 1628 426 1701 tamquam
445 1619 534 1701 irugi
551 1618 705 1682 laudetur
722 1640 848 1695 avarus,

57 1737 227 1810 tamquam
245 1748 364 1808 parcus
381 1707 532 1790 homo'et
551 1747 660 1790 rerum
677 1727 786 1792 tutela
803 1748 936 1791 suarum

58 1845 150 1899 certa
167 1836 274 1918 magis
291 1856 390 1932 quam
407 1835 435 1898 si
451 1835 604 1898 fortunas
622 1845 731 1898 servet
749 1837 882 1899 easdem

60 1944 288 2025 Hesperidum
306 1963 443 2026 serpens
460 1954 517 2006 aut
537 1944 704 2009 Ponticus.
741 1945 826 2007 adde
843 1946 930 2027 quod
944 1945 1042 2020 hunc,
1062 1946 1103 2009 de

57 2127 88 2175 ab
103 2127 153 2188 (11.
168 2125 213 2185 26;
229 2140 266 2191 13.
282 2125 392 2190 122),‘or
404 2126 448 2175 the
460 2125 556 2184 dative,

58 2209 87 2241 as
100 2194 125 2240 in
140 2193 206 2240 Hor.
222 2195 248 2242 C.
263 2193 309 2241 IV.
322 2207 345 2256 9.
359 2194 556 2257 29d1'statiner·

58 2262 109 2308 tiae
120 2261 212 2307 virtus.

92 2339 132 2391 99.
151 2326 302 2389 praeputia
315 2334 434 2389 ponunt,
447 2342 493 2374 are
509 2327 556 2374 eir-

58 2394 189 2441 cumcised.

95 2473 148 2508 100.
168 2467 352 2508 contemnere
365 2459 465 2522 leges:
484 2459 556 2507 Taci-

58 2533 101 2574 tus
113 2527 191 2589 (Hist.
203 2526 234 2573 V.
246 2527 269 2590 5)
279 2541 338 2590 says
347 2526 403 2574 that
413 2525 555 2590 proselytes

58 2607 102 2641 are
114 2591 208 2655 taught
220 2599 377 2640 contemnere
387 2593 450 2650 deos,
465 2608 556 2640 exuere

52 2661 179 2720 patriam,
198 2666 319 2721 parentes
342 2660 433 2707 liberos
453 2661 555 2723 fratres

57 2727 122 2773 vilia
134 2727 231 2774 habere.

95 2805 148 2840 102.
184 2805 289 2840 arcano
318 2792 476 2841 volumine:
511 2792 555 2840 the

59 2858 229 2907 Pentateuch.

94 2938 148 2988 ¹03·
178 2939 235 2973 non
265 2932 435 2982 monstrare,
465 2925 556 2973 dedu·

58 3005 140 3040 cere:
156 2991 317 3054 appositives
330 2991 390 3039 with
404 2991 554 3040 Iudaicum

58 3060 118 3117 ius;
133 3057 165 3106 cf.
179 3058 242 3105 Tac.
255 3059 324 3105 Hist.
338 3057 370 3105 V.
384 3071 397 3122 5
409 3059 482 3120 apud
490 3061 555 3121 epsos

49 3126 118 3190 fides
129 3125 260 3182 obstinata,
272 3125 318 3172 sed
330 3125 453 3172 adversus
470 3141 555 3173 omnes

56 3194 121 3240 alies
133 3192 221 3239 hostile
234 3193 328 3240 odium.

93 3274 147 3318 104.
165 3274 280 3324 vapos,
294 3261 335 3308 the
346 3262 515 3309 circumcised.

93 3327 147 3376 106.
183 3327 306 3390 ignava:
335 3328 368 3376 cf.
403 3328 464 3376 Tac.
488 3329 556 3375 Hist.

58 3395 90 3442 V.
110 3409 125 3454 4
142 3396 246 3457 septime
269 3397 309 3444 die
332 3398 409 3443 otium
429 3397 557 3458 placuisse

55 3463 158 3525 serunt,
187 3464 249 3525 quia
278 3464 301 3510 is
321 3462 405 3525 finem
440 3464 554 3510 laborum

57 3530 166 3586 tulerit,·
179 3529 237 3576 dein
248 3530 389 3577 blandiente
401 3531 494 3578 inertia
506 3537 556 3591 sep·

57 3597 149 3643 timum
180 3611 277 3658 quoque
309 3611 408 3643 annum
439 3597 556 3658 agnaniae

57 3663 156 3709 datum.

633 2125 765 2187 ‹107-160.
795 2127 881 2192 Every
916 2127 971 2175 vice
1011 2137 1103 2192 except

608 2194 709 2241 avarice
722 2193 766 2241 the
778 2209 866 2258 young
883 2208 949 2258 copy
961 2194 1085 2259 willingly
1097 2211 1103 2255 ;

607 2259 634 2307 in
658 2259 710 2308 this
734 2260 810 2307 alone
840 2261 902 2324 they
931 2274 974 2307 are
1003 2261 1104 2309 trained

608 2325 711 2389 against
730 2326 796 2374 their
808 2326 867 2384 will,
881 2325 931 2373 and
950 2341 993 2374 are
1011 2327 1104 2390 taught

608 2400 635 2440 to
645 2393 755 2454 practise
768 2407 913 2449 meanness,
924 2392 978 2440 first
991 2393 1016 2440 in
1029 2395 1104 2442 small

608 2459 703 2522 things,
715 2458 778 2506 then
791 2459 817 2506 in
829 2466 909 2522 great.

643 2540 696 2588 109.
717 2527 808 2574 enim:
827 2526 889 2589 they
900 2526 1011 2588 practise
1028 2527 1046 2574 it
1060 2544 1105 2576 un-

607 2592 734 2657 wi11ingly,
746 2593 789 2640 for
800 2593 819 2640 it
833 2592 911 2640 looks
923 2599 951 2640 to
970 2592 1040 2641 them
1053 2594 1105 2643 like

609 2674 625 2707 a
646 2659 883 2722 virtue-specie
907 2659 1041 2709 virtutis:
1071 2661 1103 2708 cf.

609 2727 675 2774 Hor.
699 2728 732 2774 A.
752 2728 783 2774 P.
809 2740 822 2773 2
828 2740 840 2790 5
864 2727 1007 2788 decipimur
1028 2729 1104 2788 specie

608 2794 676 2840 recti.

643 2873 698 2907 111.
715 2867 864 2922 tamquam
877 2858 968 2922 frugi:
992 2859 1024 2907 cf.
1039 2861 1104 2907 Hor.

607 2927 634 2974 S.
648 2926 668 2973 I.
682 2940 704 2990 3.
718 2939 750 2988 49
763 2929 872 2988 parcius
889 2927 930 2973 hic
941 2928 1011 2982 venit,
1025 2928 1106 2990 frugi

607 2993 715 3040 dicatur.

642 3072 696 3106 112.
714 3059 821 3108 tutela:
845 3058 959 3107 abstract
981 3059 1023 3107 for
1046 3075 1106 3107 con·

607 3132 692 3184 crete;
713 3127 777 3173 Hor.
793 3128 819 3173 C.
834 3126 880 3172 IV.
896 3138 933 3184 14.
946 3140 978 3190 43
996 3143 1010 3173 0
1027 3129 1104 3174 tutela

602 3200 725 3254 praesens
737 3194 836 3240 Italiae.

645 3273 697 3319 114.
735 3260 932 3323 Hesperidum
966 3274 1103 3323 serpens:

608 3327 653 3375 the
676 3326 904 3375 hundred-headed
923 3335 1029 3390 serpent
1047 3335 1104 3375 sent

608 3394 642 3460 by
667 3394 737 3443 Here
767 3404 795 3443 to
824 3395 904 3458 guard
934 3395 978 3443 the
1008 3395 1103 3458 golden

608 3462 698 3524 apples
711 3461 740 3510 oi
751 3462 796 3510 the
810 3461 975 3525 Hesperides.
985 3490 1019 3498 —
1028 3463 1105 3510 Pon-

608 3529 698 3578 ticus:
717 3529 761 3577 the
784 3529 884 3592 drogon
908 3528 966 3576 that
988 3528 1103 3591 guarded

608 3597 653 3644 the
671 3595 767 3658 golden
786 3595 994 3644 fleece.—adde
1013 3595 1103 3658 quod:

607 3661 641 3711 cr.
658 3674 696 3727 15·
708 3676 749 3724 47·
