2408 4034
391 675 609 740 ANCIENT
643 675 863 742 SOURCES

299 867 386 928 FOR
415 866 506 926 THE
535 869 635 926 LIFE
663 868 719 927 OF
747 868 947 941 JUVENAL

238 1283 268 1345 Τ
264 1284 303 1346 lte
327 1284 515 1366 Biograplzy
539 1285 580 1366 of
597 1283 650 1346 the
677 1282 784 1348 Codex
805 1281 1016 1349 Pithoeanus

147 1457 255 1516 Iunius
269 1457 435 1528 Iuvenalis,
449 1456 588 1516 libertini
600 1456 766 1534 locupletis
781 1457 934 1518 incertum
952 1469 1002 1519 est
1013 1460 1101 1520 filius
1115 1480 1152 1519 an

45 1597 48 1605 .
104 1557 254 1627 alunmuS,
272 1557 312 1614 ad
332 1557 464 1615 mediam
485 1558 549 1615 fere
568 1565 704 1615 aetatem
723 1556 919 1629 declamavit,
936 1558 1039 1618 animi
1056 1560 1152 1638 magis

104 1674 198 1715 causa
206 1675 299 1731 quam
309 1657 393 1731 quod
403 1676 436 1715 se
446 1657 573 1716 scholae
583 1666 636 1715 aut
646 1658 715 1715 foro
726 1666 934 1733 praepararet.
953 1656 1074 1718 deinde
1083 1679 1151 1737 pau·

105 1775 209 1814 corum
222 1775 364 1815 versuum
373 1765 478 1814 satura
488 1775 550 1814 non
560 1756 694 1815 absurde
705 1756 870 1832 conposita
880 1756 910 1814 in
920 1757 1071 1817 Paridem
1082 1778 1152 1836 pan·

104 1856 265 1915 tomimum
283 1864 469 1931 poetamque
483 1856 549 1914 eius
564 1856 790 1915 semenstribus
808 1855 961 1916 militiolis
977 1866 1150 1919 tumentem

104 1975 201 2033 genus
217 1956 391 2031 scripturae
407 1955 596 2015 industriose
617 1956 761 2014 excoluit.
785 1965 816 2014 et
832 1965 937 2015 tamen
953 1955 1008 2016 diu
1030 1977 1071 2018 ne
1092 1976 1149 2017 mo

104 2054 176 2114 dico
189 2055 315 2131 quidem
329 2055 486 2114 auditorio
499 2055 666 2130 quicquam
678 2055 873 2114 committere
884 2065 933 2115 est
944 2075 1049 2116 ausus.
1081 2077 1151 2116 mox

105 2172 219 2232 magna
234 2155 410 2230 frequentia
426 2173 601 2232 magnoque
616 2173 762 2214 successu
777 2154 827 2213 bis
841 2163 938 2215 aeter
950 2155 1080 2217 auditus
1095 2166 1148 2228 est,

103 2262 138 2312 ut
153 2273 190 2313 ea
206 2273 328 2329 quoque
344 2272 423 2329 quae
439 2254 538 2330 prima
553 2254 670 2312 fecerat
686 2253 845 2313 inferciret
861 2254 950 2314 novis
964 2255 1097 2332 scriptis

146 2420 230 2495 quod
246 2439 310 2479 non
326 2421 404 2479 dant
420 2439 572 2497 proceres
590 2420 680 2479 dabit
701 2420 822 2479 histrio.
869 2430 903 2480 tu
920 2421 1110 2483 Camerinos

145 2529 176 2579 et
193 2521 314 2590 Bareas,
332 2529 366 2578 tu
382 2519 534 2578 nobilium
550 2538 664 2597 magna
680 2520 760 2579 atria
776 2522 889 2580 curas?

146 2620 321 2696 praefectos
338 2619 472 2694 Pelopea
487 2619 575 2690 facit,
594 2619 767 2678 Philomela
784 2620 936 2679 tribunos.

144 2796 211 2845 erat
241 2796 306 2845 turn
337 2785 369 2843 in
399 2780 519 2844 deliciis
550 2785 638 2843 aulae
668 2785 779 2845 histrio
810 2784 959 2861 multique
988 2787 1148 2847 fautorum

102 2885 168 2944 eius
184 2885 316 2944 cottidie
331 2885 591 2959 provehebantur.
634 2886 720 2944 venit
735 2904 810 2962 ergo
827 2885 985 2944 Iuvenalis
1002 2885 1034 2943 in
1051 2888 1149 2964 suspi-

102 2985 234 3056 cionem,
262 2985 352 3060 quasi
382 2994 522 3060 tempora
552 2986 684 3062 figurate
713 2995 862 3056 notasset,
890 3003 927 3044 ac
956 2984 1065 3044 statim
1096 3007 1149 3062 per

102 3084 252 3144 honorem
276 3086 404 3145 militiae
427 3104 615 3160 quamquam
635 3086 855 3163 octogenarius
875 3085 951 3144 urbe
972 3098 1149 3147 summotus

101 3194 149 3243 est
172 3186 346 3261 missusque
370 3185 410 3244 ad
433 3185 661 3261 praefecturam
684 3185 823 3244 cohortis
846 3186 878 3243 in
899 3196 1037 3245 extrema
1057 3198 1150 3263 parte

102 3284 262 3344 tendentis
275 3285 419 3362 Aegypti.
465 3283 498 3342 id
513 3284 659 3360 supplicii
673 3303 771 3361 genus
787 3284 913 3360 placuit,
927 3294 961 3344 ut
973 3285 1035 3344 levi
1050 3296 1150 3364 atque

102 3382 232 3443 ioculari
246 3384 362 3443 delicto
375 3403 431 3460 par
443 3394 533 3443 esset.
579 3402 684 3442 verum
697 3383 780 3442 intra
792 3383 1009 3443 brevissimum
1022 3394 1150 3464 tempus

101 3501 218 3561 angore
233 3492 265 3542 et
281 3482 387 3542 taedio
403 3483 505 3559 periit.
